@INPROCEEDINGS{7872736,
    author={Fitriani, Widia Resti and Rahayu, Puji and Sensuse, Dana Indra},
    booktitle={2016 International Conference on Advanced Computer Science and Information Systems (ICACSIS)}, 
    title={Challenges in agile software development: A systematic literature review}, 
    year={2016},
    volume={},
    number={},
    pages={155-164},
    doi={10.1109/ICACSIS.2016.7872736}
}

@INPROCEEDINGS{9533020,  
    author={Chaudhari, Ashvini R. and Joshi, Shashank D. and Bhongade, Rushikesh S.},  
    booktitle={2021 Second International Conference on Electronics and Sustainable Communication Systems (ICESC)},   
    title={Analytical Study of Success Rate of I.T Projects Developed using Agile Methodology},  
    year={2021}, 
    volume={}, 
    number={}, 
    pages={1-5},  
    doi={10.1109/ICESC51422.2021.9533020}
}

@inproceedings{10.1145/3234152.3234182,
    author = {Stray, Viktoria and Moe, Nils Brede and Hoda, Rashina},
    title = {Autonomous Agile Teams: Challenges and Future Directions for Research},
    year = {2018},
    isbn = {9781450364225},
    publisher = {Association for Computing Machinery},
    address = {New York, NY, USA},
    url = {https://doi-org.libproxy.helsinki.fi/10.1145/3234152.3234182},
    doi = {10.1145/3234152.3234182},
    booktitle = {Proceedings of the 19th International Conference on Agile Software Development: Companion},
    articleno = {16},
    numpages = {5},
    location = {Porto, Portugal},
    series = {XP '18}
}


@article{DEOMELO2013412,
    title = {Interpretative case studies on agile team productivity and management},
    journal = {Information and Software Technology},
    volume = {55},
    number = {2},
    pages = {412-427},
    year = {2013},
    note = {Special Section: Component-Based Software Engineering (CBSE), 2011},
    issn = {0950-5849},
    doi = {https://doi.org/10.1016/j.infsof.2012.09.004},
    url = {https://www.sciencedirect.com/science/article/pii/S0950584912001875},
    author = {Claudia {de O. Melo} and Daniela {S. Cruzes} and Fabio Kon and Reidar Conradi}
}

@article{GREGORY201692,
    title = {The challenges that challenge: Engaging with agile practitioners’ concerns},
    journal = {Information and Software Technology},
    volume = {77},
    pages = {92-104},
    year = {2016},
    issn = {0950-5849},
    doi = {https://doi.org/10.1016/j.infsof.2016.04.006},
    url = {https://www.sciencedirect.com/science/article/pii/S0950584916300623},
    author = {Peggy Gregory and Leonor Barroca and Helen Sharp and Advait Deshpande and Katie Taylor}
}

@article{ALZOUBI201622,
    title = {Empirical studies of geographically distributed agile development communication challenges: A systematic review},
    journal = {Information and Management},
    volume = {53},
    number = {1},
    pages = {22-37},
    year = {2016},
    issn = {0378-7206},
    doi = {https://doi.org/10.1016/j.im.2015.08.003},
    url = {https://www.sciencedirect.com/science/article/pii/S0378720615000877},
    author = {Yehia Ibrahim Alzoubi and Asif Qumer Gill and Ahmed Al-Ani}
}

@article{CLAPS201521,
    title = {On the journey to continuous deployment: Technical and social challenges along the way},
    journal = {Information and Software Technology},
    volume = {57},
    pages = {21-31},
    year = {2015},
    issn = {0950-5849},
    doi = {https://doi.org/10.1016/j.infsof.2014.07.009},
    url = {https://www.sciencedirect.com/science/article/pii/S0950584914001694},
    author = {Gerry Gerard Claps and Richard {Berntsson Svensson} and Aybüke Aurum}
}

@misc{SCRUMORG,
    author = {Schwaber, Ken},
    title = {What is Scrum?},
    url = {https://www.scrum.org/Resources/What-is-Scrum}
}

@misc{SCRUMBUT,
    author = {Schwaber, Ken},
    title = {What is ScrumBut?},
    url = {https://www.scrum.org/resources/what-scrumbut}
}

@misc{XPORG,
    author = {Wells, Don},
    title = {Extreme Programming: A gentle introduction},
    url = {http://www.extremeprogramming.org/},
    year = 2009
}

@misc{beck2001agile,
    added-at = {2007-12-30T11:39:05.000+0100},
    author = {Beck, Kent and Beedle, Mike and van Bennekum, Arie and Cockburn, Alistair and Cunningham, Ward and Fowler, Martin and Grenning, James and Highsmith, Jim and Hunt, Andrew and Jeffries, Ron and Kern, Jon and Marick, Brian and Martin, Robert C. and Mellor, Steve and Schwaber, Ken and Sutherland, Jeff and Thomas, Dave},
    biburl = {https://www.bibsonomy.org/bibtex/28954248a545d88dd2c0e688d1c7e2f9d/juve},
    booktitle = {Manifesto for Agile Software Development},
    description = {Manifesto for Agile Software Development},
    interhash = {098cc7e185f10c3da390459a01e0d535},
    intrahash = {8954248a545d88dd2c0e688d1c7e2f9d},
    keywords = {imported},
    timestamp = {2007-12-30T11:39:05.000+0100},
    title = {Manifesto for Agile Software Development},
    url = {https://agilemanifesto.org/},
    year = 2001
}

@incollection{MCKNIGHT2014168,
    title = {Chapter Sixteen - Agile Practices for Information Management},
    editor = {William McKnight},
    booktitle = {Information Management},
    publisher = {Morgan Kaufmann},
    address = {Boston},
    pages = {168-178},
    year = {2014},
    isbn = {978-0-12-408056-0},
    doi = {https://doi.org/10.1016/B978-0-12-408056-0.00016-3},
    url = {https://www.sciencedirect.com/science/article/pii/B9780124080560000163},
    author = {William McKnight}
}